<record><leader>00000cas a2200000 a 4500</leader><controlfield tag="001">2265176</controlfield><controlfield tag="008">760620d18471876paudr ne      0    0eng c</controlfield><datafield ind1=" " ind2=" " tag="010"><subfield code="a">sn 83025947 </subfield></datafield><datafield ind1=" " ind2=" " tag="040"><subfield code="a">PIT</subfield><subfield code="b">eng</subfield><subfield code="c">PIT</subfield><subfield code="d">NPV</subfield><subfield code="d">NPH</subfield><subfield code="d">NPY</subfield><subfield code="d">NPA</subfield><subfield code="d">NPU</subfield><subfield code="d">DLC</subfield><subfield code="d">NPX</subfield><subfield code="d">NPH</subfield><subfield code="d">YOX</subfield><subfield code="d">NJW</subfield><subfield code="d">MFN</subfield><subfield code="d">MGN</subfield><subfield code="d">NVF</subfield><subfield code="d">HUL</subfield><subfield code="d">NVF</subfield><subfield code="d">OCL</subfield><subfield code="d">CRL</subfield><subfield code="d">DLC</subfield><subfield code="d">OCLCG</subfield><subfield code="d">KRTAS</subfield><subfield code="d">CUI</subfield><subfield code="d">OCLCQ</subfield><subfield code="d">OCLCA</subfield><subfield code="d">OCLCF</subfield><subfield code="d">OCLCO</subfield></datafield><datafield ind1="1" ind2=" " tag="029"><subfield code="a">AU@</subfield><subfield code="b">000020125551</subfield></datafield><datafield ind1=" " ind2=" " tag="042"><subfield code="a">pcc</subfield></datafield><datafield ind1=" " ind2=" " tag="043"><subfield code="a">n-us-pa</subfield></datafield><datafield ind1=" " ind2=" " tag="045"><subfield code="a">w4w7</subfield></datafield><datafield ind1="0" ind2="0" tag="050"><subfield code="a">Newspaper 10328</subfield></datafield><datafield ind1=" " ind2="4" tag="050"><subfield code="a">AN</subfield></datafield><datafield ind1=" " ind2=" " tag="052"><subfield code="a">3824</subfield><subfield code="b">P5</subfield></datafield><datafield ind1="0" ind2=" " tag="130"><subfield code="a">North American and United States gazette (Philadelphia, Pa. : Daily)</subfield></datafield><datafield ind1="1" ind2="0" tag="245"><subfield code="a">North American and United States gazette.</subfield></datafield><datafield ind1="3" ind2="0" tag="246"><subfield code="a">American and gazette</subfield></datafield><datafield ind1="1" ind2="7" tag="246"><subfield code="a">Philadelphia North American and United States gazette</subfield></datafield><datafield ind1=" " ind2=" " tag="260"><subfield code="a">Philadelphia, Pa. :</subfield><subfield code="b">G. Graham,</subfield><subfield code="c">1847-1876.</subfield></datafield><datafield ind1=" " ind2=" " tag="300"><subfield code="a">30 v.</subfield></datafield><datafield ind1=" " ind2=" " tag="310"><subfield code="a">Daily</subfield></datafield><datafield ind1="0" ind2=" " tag="362"><subfield code="a">Vol. 65, no. 16050 (July 1, 1847)-v. 105, no. 33564 (Apr. 15, 1876).</subfield></datafield><datafield ind1=" " ind2=" " tag="500"><subfield code="a">Publishers: Graham &amp; M'Michael, &lt;Jan. 3, 1848-Aug. 4, 1848&gt;; M'Michael &amp; Bird &lt;Aug. 10, 1848-Oct. 22, 1849&gt;; Morton McMichael, &lt;Jan. 5, 1858-1869, 1873, 1875&gt;</subfield></datafield><datafield ind1=" " ind2=" " tag="530"><subfield code="a">Available on microfilm from the New York Public Library, and the Library of Congress, Photoduplication Service.</subfield></datafield><datafield ind1=" " ind2=" " tag="580"><subfield code="a">Triweekly ed.: North American and United States gazette (Philadelphia, Pa. : Triweekly), &lt;1848&gt;.</subfield></datafield><datafield ind1=" " ind2=" " tag="580"><subfield code="a">Weekly eds.: North American for town &amp; country, 1847-&lt;1853&gt;, and: Weekly North American, 1847-&lt;1869&gt;.</subfield></datafield><datafield ind1=" " ind2="0" tag="651"><subfield code="a">Philadelphia (Pa.)</subfield><subfield code="v">Newspapers.</subfield></datafield><datafield ind1=" " ind2="0" tag="651"><subfield code="a">Philadelphia County (Pa.)</subfield><subfield code="v">Newspapers.</subfield></datafield><datafield ind1=" " ind2="7" tag="655"><subfield code="a">Newspapers.</subfield><subfield code="2">fast</subfield><subfield code="0">(OCoLC)fst01423814</subfield></datafield><datafield ind1=" " ind2="7" tag="651"><subfield code="a">Pennsylvania</subfield><subfield code="z">Philadelphia.</subfield><subfield code="2">fast</subfield><subfield code="0">(OCoLC)fst01204170</subfield></datafield><datafield ind1=" " ind2="7" tag="651"><subfield code="a">Pennsylvania</subfield><subfield code="z">Philadelphia County.</subfield><subfield code="2">fast</subfield><subfield code="0">(OCoLC)fst01217128</subfield></datafield><datafield ind1="1" ind2=" " tag="700"><subfield code="a">McMichael, Morton,</subfield><subfield code="d">1807-1879.</subfield></datafield><datafield ind1="1" ind2=" " tag="700"><subfield code="a">Bird, Robert M.</subfield></datafield><datafield ind1=" " ind2=" " tag="752"><subfield code="a">United States</subfield><subfield code="b">Pennsylvania</subfield><subfield code="c">Philadelphia</subfield><subfield code="d">Philadelphia.</subfield></datafield><datafield ind1="1" ind2=" " tag="775"><subfield code="t">North American and United States gazette (Philadelphia, Pa. : Triweekly)</subfield><subfield code="w">(DLC)sn 87080036</subfield><subfield code="w">(OCoLC)15311557</subfield></datafield><datafield ind1="1" ind2=" " tag="775"><subfield code="t">North American for town &amp; country</subfield><subfield code="w">(DLC)sn 85038464</subfield><subfield code="w">(OCoLC)12460381</subfield></datafield><datafield ind1="1" ind2=" " tag="775"><subfield code="t">Weekly North American</subfield><subfield code="w">(DLC)sn 85038465</subfield><subfield code="w">(OCoLC)12460389</subfield></datafield><datafield ind1="0" ind2="4" tag="780"><subfield code="t">North American (Philadelphia, Pa. : 1845)</subfield><subfield code="w">(DLC)sn 85055247</subfield><subfield code="w">(OCoLC)12220295</subfield></datafield><datafield ind1="0" ind2="4" tag="780"><subfield code="t">United States gazette (Philadelphia, Pa. : 1823 : Daily)</subfield><subfield code="w">(DLC)sn 84026283</subfield><subfield code="w">(OCoLC)10372465</subfield></datafield><datafield ind1="0" ind2="0" tag="785"><subfield code="t">North American (Philadelphia, Pa. : 1876)</subfield><subfield code="w">(DLC)sn 84024584</subfield><subfield code="w">(OCoLC)11148690</subfield></datafield><datafield ind1=" " ind2=" " tag="938"><subfield code="a">Kirtas Technologies, Inc.</subfield><subfield code="b">KRTS</subfield><subfield code="n">735675</subfield></datafield></record>